<record><leader>00000cas a22000007a 4500</leader><controlfield tag="001">11498942</controlfield><controlfield tag="008">841215d18631865ohuwr ne      0    0eng d</controlfield><datafield ind1=" " ind2=" " tag="010"><subfield code="a">sn 84028861 </subfield></datafield><datafield ind1=" " ind2=" " tag="040"><subfield code="a">NPY</subfield><subfield code="b">eng</subfield><subfield code="c">NPY</subfield><subfield code="d">DLC</subfield><subfield code="d">ONP</subfield><subfield code="d">OCLCQ</subfield></datafield><datafield ind1=" " ind2=" " tag="042"><subfield code="a">msc</subfield></datafield><datafield ind1="0" ind2=" " tag="130"><subfield code="a">True American (Newark, Ohio : 1863)</subfield></datafield><datafield ind1="1" ind2="4" tag="245"><subfield code="a">The True American.</subfield></datafield><datafield ind1=" " ind2=" " tag="260"><subfield code="a">Newark [Ohio] :</subfield><subfield code="b">Wilson &amp; Gray,</subfield><subfield code="c">1863-</subfield></datafield><datafield ind1=" " ind2=" " tag="300"><subfield code="a">v. ;</subfield><subfield code="c">53-62 cm.</subfield></datafield><datafield ind1=" " ind2=" " tag="310"><subfield code="a">Weekly</subfield></datafield><datafield ind1="0" ind2=" " tag="362"><subfield code="a">Vol. 8, no. 19 (July 24, 1863)-</subfield></datafield><datafield ind1="1" ind2=" " tag="362"><subfield code="a">Ceased in 1865.</subfield></datafield><datafield ind1=" " ind2=" " tag="752"><subfield code="a">United States</subfield><subfield code="b">Ohio</subfield><subfield code="c">Licking</subfield><subfield code="d">Newark.</subfield></datafield><datafield ind1="0" ind2="0" tag="780"><subfield code="t">Newark North American</subfield><subfield code="w">(DLC)sn 84028860</subfield></datafield><datafield ind1="0" ind2="0" tag="785"><subfield code="t">Newark American (Newark, Ohio : 1865)</subfield></datafield></record>